<record><leader>00000cas a2200000 a 4500</leader><controlfield tag="001">9840245</controlfield><controlfield tag="008">830824d198u19uuazuwr ne      0   a0eng d</controlfield><datafield ind1=" " ind2=" " tag="010"><subfield code="a">sn 88006282 </subfield></datafield><datafield ind1=" " ind2=" " tag="040"><subfield code="a">NSD</subfield><subfield code="b">eng</subfield><subfield code="c">NSD</subfield><subfield code="d">ANN</subfield><subfield code="d">OCLCQ</subfield><subfield code="d">OCLCF</subfield><subfield code="d">OCLCO</subfield></datafield><datafield ind1=" " ind2=" " tag="012"><subfield code="l">1</subfield><subfield code="m">1</subfield></datafield><datafield ind1="1" ind2=" " tag="022"><subfield code="a">0739-943X</subfield><subfield code="l">0739-943X</subfield><subfield code="2">1</subfield></datafield><datafield ind1="1" ind2=" " tag="029"><subfield code="a">AU@</subfield><subfield code="b">000020537032</subfield></datafield><datafield ind1=" " ind2=" " tag="032"><subfield code="a">003134</subfield><subfield code="b">USPS</subfield></datafield><datafield ind1=" " ind2=" " tag="042"><subfield code="a">nsdp</subfield></datafield><datafield ind1=" " ind2=" " tag="043"><subfield code="a">n-us-az</subfield></datafield><datafield ind1=" " ind2="0" tag="222"><subfield code="a">Sedona times</subfield></datafield><datafield ind1="0" ind2="0" tag="245"><subfield code="a">Sedona times.</subfield></datafield><datafield ind1="3" ind2="3" tag="246"><subfield code="a">Northern Arizona times</subfield><subfield code="f">Apr. 27-&lt;June 22&gt;, 1988</subfield></datafield><datafield ind1="1" ind2=" " tag="246"><subfield code="i">Includes magazine supplement:</subfield><subfield code="a">Sedona explorer</subfield><subfield code="f">May 20, 1987-&lt;1988&gt;</subfield></datafield><datafield ind1=" " ind2=" " tag="260"><subfield code="a">Sedona, Ariz. :</subfield><subfield code="b">Adtype Business Communications</subfield></datafield><datafield ind1=" " ind2=" " tag="300"><subfield code="a">v. :</subfield><subfield code="b">ill.</subfield></datafield><datafield ind1=" " ind2=" " tag="310"><subfield code="a">Weekly,</subfield><subfield code="b">Aug. 22, 1984-</subfield></datafield><datafield ind1=" " ind2=" " tag="321"><subfield code="a">Biweekly,</subfield><subfield code="b">&lt;Aug. 11, 1983&gt;-Aug. 8, 1984</subfield></datafield><datafield ind1=" " ind2=" " tag="515"><subfield code="a">Issue for vol. 4, no. 5 constitutes v. 5, no. 5.</subfield></datafield><datafield ind1=" " ind2=" " tag="515"><subfield code="a">Issues for: vol. 5, no. 22 (Nov. 26/Dec. 2, 1986) constitutes v. 5, no. 23; vol. 6, no. 5 (Aug. 5, 1987) constitutes v. 6, no. 6.</subfield></datafield><datafield ind1=" " ind2=" " tag="588"><subfield code="a">Description based on: Vol. 1, no. 4 (Aug. 11, 1983).</subfield></datafield><datafield ind1=" " ind2="0" tag="651"><subfield code="a">Sedona (Ariz.)</subfield><subfield code="v">Newspapers.</subfield></datafield><datafield ind1=" " ind2="0" tag="651"><subfield code="a">Coconino County (Ariz.)</subfield><subfield code="v">Newspapers.</subfield></datafield><datafield ind1=" " ind2="7" tag="655"><subfield code="a">Newspapers.</subfield><subfield code="2">fast</subfield><subfield code="0">(OCoLC)fst01423814</subfield></datafield><datafield ind1=" " ind2="7" tag="651"><subfield code="a">Arizona</subfield><subfield code="z">Coconino County.</subfield><subfield code="2">fast</subfield><subfield code="0">(OCoLC)fst01217112</subfield></datafield><datafield ind1=" " ind2="7" tag="651"><subfield code="a">Arizona</subfield><subfield code="z">Sedona.</subfield><subfield code="2">fast</subfield><subfield code="0">(OCoLC)fst01219227</subfield></datafield><datafield ind1=" " ind2=" " tag="752"><subfield code="a">United States</subfield><subfield code="b">Arizona</subfield><subfield code="c">Coconino</subfield><subfield code="d">Sedona.</subfield></datafield></record>